@book{rudinprinciples,
	author = "Walter Rudin",
	title = "Principles of Mathematical Analysis",
	year = "1976",
	isbn = "0-07-085613-3",
	publisher = "McGraw-Hill",
	pagetotal = "342",
	edition = "3"
}

@book{apostolanalysis,
	author = "Tom Apostol",
	title = "Mathematical Analysis",
	year = "1974",
	isbn = "0-201-00288-4",
	publisher = "Pearson",
	pagetotal = "492",
	edition = "2"
}

@book{taoanalysisI,
	author = "Terence Tao",
	title = "Analysis I",
	year = "2015",
	isbn = "978-981-10-1789-6",
	publisher = "Springer",
	pagetotal = "350",
	edition = "3"
}

@book{taoanalysisII,
	author = "Terence Tao",
	title = "Analysis II",
	year = "2015",
	isbn = "978-981-10-1804-6",
	publisher = "Springer",
	pagetotal = "220",
	edition = "3"
}

@book{duistermaatkolkI,
	author = "J. J. Duistermaat and J. A. C. Kolk",
	title = "Multidimensional Real Analysis I: Differentiation",
	year = "2004",
	isbn = "978-0-511-19558-7",
	publisher = "Cambridge University Press",
	pagetotal = "422",
	edition = "1"
}